@misc{Natu M;Bachute M;Gite S;Kotecha K;Vidyarthi A;, title={Review on epileptic seizure prediction: Machine Learning and deep learning approaches}, url={https://pubmed.ncbi.nlm.nih.gov/35096136/}, journal={Computational and mathematical methods in medicine}, publisher={U.S. National Library of Medicine}, author={Natu M;Bachute M;Gite S;Kotecha K;Vidyarthi A;}} 
@misc{Rashed-Al-Mahfuz_Moni_Uddin_Alyami_Summers_Eapen_2021, title={A deep convolutional neural network method to detect seizures and characteristic frequencies using epileptic electroencephalogram (EEG) data}, url={https://www.ncbi.nlm.nih.gov/pmc/articles/PMC7851059/}, journal={IEEE journal of translational engineering in health and medicine}, publisher={U.S. National Library of Medicine}, author={Rashed-Al-Mahfuz, Md and Moni, Mohammad Ali and Uddin, Shahadat and Alyami, Salem A and Summers, Matthew A and Eapen, Valsamma}, year={2021}, month={Jan}} 
@misc{Stefan_Lopes da Silva_2013, title={Epileptic neuronal networks: Methods of identification and clinical relevance}, url={https://www.ncbi.nlm.nih.gov/pmc/articles/PMC3607195/}, journal={Frontiers in neurology}, publisher={U.S. National Library of Medicine}, author={Stefan, Hermann and Lopes da Silva, Fernando H}, year={2013}, month={Mar}}